%%%% CG parsers

@inproceedings{karlsson1990cgp,
 author = {Karlsson, Fred},
 title = {Constraint Grammar as a Framework for Parsing Running Text},
 booktitle = {Proceedings of the 13th Conference on Computational Linguistics - Volume 3},
 series = {COLING '90},
 year = {1990},
 isbn = {952-90-2028-7},
 location = {Helsinki, Finland},
 pages = {168--173},
 numpages = {6},
 url = {http://dx.doi.org/10.3115/991146.991176},
 doi = {10.3115/991146.991176},
 acmid = {991176},
 publisher = {Association for Computational Linguistics},
 address = {Stroudsburg, PA, USA}
} 

@book{karlsson1995constraint,
  title={{Constraint Grammar}: a language-independent system for parsing unrestricted text},
  author={Karlsson, Fred and Voutilainen, Atro and Heikkil{\"{a}}, Juha and Anttila, Arto},
  volume={4},
  year={1995},
  publisher={Walter de Gruyter}
}

@article{tapanainen1996,
  author = "Tapanainen, Pasi",
  title = {{The Constraint Grammar Parser CG-2}},
  booktitle = {{No 27, Publications of the Department of General Linguistics, University of Helsinki}},
  publisher={Yliopistopaino, Helsinki},
  year = {1996} 
}

@manual{vislcg3,
  author = {Tino Didriksen},
  title = {{Constraint Grammar Manual}},
  date = {September 14, 2015},
  year={2014},
  language = {English},
  version = {3},
  url={http://beta.visl.sdu.dk/cg3.html},
  organization = {{Institute of Language and Communication, University of Southern Denmark}}
}

@inproceedings{bick2015,
  author = {Bick, Eckhard and Didriksen, Tino},
  year = {2015}, 
  title = {{CG-3 -- Beyond Classical Constraint Grammar}},
  booktitle = {{Proceedings of NODALIDA, the 20th Nordic Conference of Computational Linguistics}},
  location = {{Vilnius, Lithuania}},
  url={http://www.ep.liu.se/ecp/109/007/ecp15109007.pdf}
}


@inproceedings{yli-jyra2011cg_engine,
  title={An efficient constraint grammar parser based on inward deterministic automata},
  author={Yli-Jyr{\"a}, Anssi},
  booktitle={Proceedings of the NODALIDA 2011 workshop constraint grammar applications},
  year={2011}
}


@inproceedings{hulden2011cg_engine,
  title={Constraint Grammar parsing with left and right sequential finite transducers},
  author={Hulden, Mans},
  booktitle={{Proceedings of the 9th International Workshop on Finite State Methods and Natural Language Processing}},
  pages={39--47},
  year={2011},
  organization={Association for Computational Linguistics}
}


@mastersthesis{peltonen2011,
  title={Rajoitekielioppien toteutuksesta äärellistilaisin menetelmin},
  author={Janne Peltonen},
  year={2011},
  school={{University of Helsinki}}
}

%%%%%%%%%%%%%%%%%%%%%%%%%%%%%%%%%%%%%%%%%%%%%%%%%%%%%%%%%%%%
%%%% FSIG
@inproceedings{koskenniemi90,
 author = {Koskenniemi, Kimmo},
 title = {Finite-state Parsing and Disambiguation},
 booktitle = {Proceedings of the 13th Conference on Computational Linguistics - Volume 2},
 series = {COLING '90},
 year = {1990},
 location = {Helsinki, Finland},
 pages = {229--232},
 numpages = {4},
 publisher = {Association for Computational Linguistics}
} 


@inproceedings{koskenniemi92,
  author    = {Kimmo Koskenniemi and
               Pasi Tapanainen and
               Atro Voutilainen},
  title     = {Compiling and Using Finite-State Syntactic Rules},
  booktitle = {14th International Conference on Computational Linguistics, {COLING}},
  pages     = {156--162},
  location  = {Nantes, France},
  month     = {August},
  year      = {1992},
  url       = {http://aclweb.org/anthology/C92-1027},
  timestamp = {Wed, 06 Mar 2013 17:08:57 +0100},
  biburl    = {http://dblp.uni-trier.de/rec/bib/conf/coling/KoskenniemiTV92}
}
 

@article{koskenniemi97,
  title={Representations and finite-state components in natural language},
  author={Koskenniemi, Kimmo},
  journal={Finite-state language processing},
  pages={99--116},
  year={1997}
}


@misc{piitulainen1995,
 title={TODO the article where piitulainen suggested the name {FSIG}},
 year={1995},
 author={Jussi Piitulainen}
}

@book{voutilainen1994designing,
  title={Designing a parsing grammar},
  author={Voutilainen, Atro},
  year={1994},
  volume={22},
  series={{Publications of the Department of General Linguistics, University of Helsinki}}, 
  location={Helsinki, Finland},
  publisher={Yliopistopaino}
}



@article{voutilainen1997fsig,
  title={Designing a (finite-state) parsing grammar},
  author={Voutilainen, Atro},
  journal={Finite-State Language Processing},
  pages={283--310},
  year={1997}
}

@inproceedings{voutilainen1998,
  title={Does tagging help parsing?: a case study on finite state parsing},
  author={Voutilainen, Atro},
  booktitle={Proceedings of the International Workshop on Finite State Methods in Natural Language Processing},
  pages={25--36},
  year={1998},
  organization={Association for Computational Linguistics}
}

@inproceedings{yli-jyra2001,
   title={{Structural Correspondence between Finite-State Intersection Grammar and Constraint Satisfaction Problem}},
   author={{Yli-Jyr{\"{a}}, Anssi}},
   year={2001},
   booktitle={{TODO CHECK: Proceedings of FSMNLP 2001}}
}

@inproceedings{yli-jyra2003describing,
  title={Describing syntax with star-free regular expressions},
  author={Yli-Jyr{\"a}, Anssi},
  booktitle={Proceedings of the tenth conference on European chapter of the Association for Computational Linguistics-Volume 1},
  pages={379--386},
  year={2003},
  organization={Association for Computational Linguistics}
}

@misc{yli-jyra2004fsig_dependency,
  author={Yli-Jyr{\"a}, Anssi},
  year={2004}, 
  title={Axiomatization of restricted non-projective dependency trees through finite-state constraints that analyse crossing bracketings}
}
@misc{yli-jyra2005phd,
  author={Yli-Jyr{\"a}, Anssi},
  year={2005},
  title={{TODO anssi's phd thesis}}
}

%%%%%%%%%%%%%%%%%%%%%%%%%%%%%%%%%%%%%%%%%%%%%%%%%%%%%%%%%%%%
%%%% CG theory



@phdthesis{tapanainen1999phd,
  title={Parsing in two frameworks: Finite-state and Functional dependency grammar},
  author={Tapanainen, Pasi},
  year={1999},
  school={{University of Helsinki}}
  publisher={{University of Helsinki, Department of General Linguistics}}
}


@InProceedings{nemeskey14,
  author    = {Nemeskey, D\'{a}vid M\'{a}rk  and  Tyers, Francis  and  Hulden, Mans},
  title     = {Why Implementation Matters: Evaluation of an Open-source Constraint Grammar Parser},
  booktitle = {Proceedings of COLING 2014, the 25th International Conference on Computational Linguistics},
  pages     = {772--780},
  month     = {August},
  year      = {2014},
  address   = {Dublin, Ireland},
  url       = {http://www.aclweb.org/anthology/C14-1073}
}



@InProceedings{lager98,
  author =  {Torbj{\"{o}}rn Lager },
  booktitle =  { Proceedings of the 11th Nordic Conference on Computational Linguistics},
  title =  {{Logic for part of speech tagging and shallow parsing}},
  year =   {1998}
}


@inproceedings{lager_nivre01,
  author    = {Torbj{\"{o}}rn Lager and
               Joakim Nivre},
  title     = {{Part of speech tagging from a logical point of view}},
  booktitle = {Proceedings of {LACL}, Logical Aspects of Computational Linguistics},
  year      = {2001}
}
%  pages     = {212--227}}
% 4th International Conference, 2001, Le Croisic, France, June 27-29, 2001, Proceedings},


%%%%%%%%%%%%%%%%%%%%%%%%%%%%%%%%%%%%%%%%%%%%%%%%%%%%%%%%%%%%
%%%% CG applications

@inproceedings{lene_trond2011,
 title={{Next to nothing -- a cheap South Saami disambiguator}},
 author={Antonsen, Lene and Trosterud, Trond},
 year={2011},
  booktitle = {{Proceedings of the Constraint Grammar workshop at NODALIDA}},
 location={{Riga, Latvia}},
 url={https://dspace.utlib.ee/dspace/bitstream/handle/10062/19296/antonsen_trosterud.pdf}
}
% booktitle = {Proceedings of the Constraint Grammar workshop at NODALIDA, the 18th Nordic Conference of Computational Linguistics},

@inproceedings{antonsen2009dialogue,
  title={{Constraint Grammar in Dialogue Systems}},
  author={Antonsen, Lene and Huhmarniemi, Saara and Trosterud, Trond},
  booktitle={Proceedings of the 17th Nordic Conference of Computational Linguistics. NEALT Proceeding Series. Volum},
  volume={8},
  pages={13--21},
  year={2009}
}


@inproceedings{bick_barebones,
  title = {{A Bare-bones Constraint Grammar}},
  author = {Bick, Eckhard},
  year = {????},
  booktitle = {???},
  url = {????}
}

@inproceedings{lene_trond_linda2010,
  title = {Reusing grammatical resources for new languages},
  author={Antonsen, Lene and Wiechetek, Linda and Trosterud, Trond},
  year = {2010},
  booktitle = {{Proceedings of the International conference on Language Resources and Evaluation LREC2010}},
  url = {http://www.lrec-conf.org/proceedings/lrec2010/pdf/254_Paper.pdf}
}

@article{bick2000palavras,
  title={The parsing system Palavras},
  author={Bick, Eckhard},
  journal={Automatic Grammatical Analysis of Portuguese in a Constraint Grammar Framework},
  year={2000},
  publisher={University of Arhus}
}

@inproceedings{bick2003hybridCG_PSG,
  title={A CG \& PSG hybrid approach to automatic corpus annotation},
  author={Bick, Eckhard},
  booktitle={Proceedings of SProLaC2003},
  pages={1--12},
  year={2003}
}

@inproceedings{bick2006spanish,
  author = "Bick, Eckhard",
  year = "2006",
  title = {{A Constraint Grammar Parser for Spanish}},
  booktitle = {{Proceedings of TIL 2006 - 4th Workshop on Information and Human Language Technology}},
  url = {http://visl.sdu.dk/~eckhard/pdf/TIL2006.pdf}
}


@inproceedings{bick2011,
  author = "Eckhard Bick",
  year = "2011",
  title = "Constraint grammar applications",
  booktitle = {{Proceedings of the Constraint Grammar workshop at NODALIDA}},
 location={{Riga, Latvia}}
}
% page iv
%  booktitle = {{Proceedings of the Constraint Grammar workshop at NODALIDA, the 18th Nordic Conference of Computational Linguistics}},

@inproceedings{pirinen2015,
  author = {Tommi Pirinen},
  title = {{Using weighted finite state morphology with VISL CG-3---Some experiments with free open source Finnish resources}},
  booktitle = {Proceedings of the Constraint Grammar workshop at NODALIDA},
  year = {2015},
  location={{Vilnius, Lithuania}}
}

@inproceedings{tyers_reynolds2015,
  author = {Robert Reynolds and Francis Tyers},
  title = {A preliminary constraint grammar for {R}ussian},
  booktitle = {Proceedings of the Constraint Grammar workshop at NODALIDA},
  year = {2015},
  location={{Vilnius, Lithuania}}
}
% booktitle = {Proceedings of the Constraint Grammar workshop at NODALIDA, the 20th Nordic Conference of Computational Linguistics},


@article{puolakainen2015anaphora,
  title={Anaphora resolution experiment with CG rules},
  author={Puolakainen, Tiina},
  journal={“Constraint Grammar-methods, tools and applications” at NODALIDA 2015},
  pages={35},
  year={2015}
}


%%%%%%%%%%%%%%%%%%%%%%%%%%%%%%%%%%%%%%%%%%%%%%%%%%%%%%%%%%%%
%%%% Learning CG rules 

@incollection{voutilainen2004,
  author      = {Atro Voutilainen},
  title       = {Hand Crafted Rules},
  editor      = {H. {van Halteren}}, 
  booktitle   = {Syntactic Wordclass Tagging},
  publisher   = {Kluwer Academic},
  pages       = {217--246},
  year        = 2004
}

@incollection{inducing_cg1996,
author={Samuelsson, Christer and Tapanainen, Pasi and Voutilainen, Atro},
title={Inducing constraint grammars},
year={1996},
booktitle={Grammatical Interference: Learning Syntax from Sentences},
volume={1147},
series={Lecture Notes in Computer Science},
editor={Miclet, Laurent and de la Higuera, Colin},
url={http://dx.doi.org/10.1007/BFb0033350},
publisher={Springer Berlin Heidelberg},
pages={146--155}
}
%isbn={978-3-540-61778-5}

@incollection{lindberg_eineborg98ilp, 
  year={1998},
  booktitle={Inductive Logic Programming},
  volume={1446},
  series={Lecture Notes in Computer Science},
  editor={Page, David},
  title={Induction of Constraint Grammar-rules using Progol},
  publisher={Springer Berlin Heidelberg},
  author={Eineborg, Martin and Lindberg, Nikolaj},
  pages={116-124}
}


@inproceedings{lager01transformation,
  title={Transformation-based learning of rules for constraint grammar tagging},
  author={Lager, Torbj{\"o}rn},
  booktitle={Proceedings of the 13th Nordic Conference on Computational Linguistics},
  year={2001},
  pages={21--22}
}

@MastersThesis{asfrent14,
    author   = {{Andrei Sfrent}},
    title    = {{Machine Learning of Rules for Part of Speech Tagging}},
    school   = {{Imperial College London}},
    address  = {{United Kingdom}},
    year     = {2014},
    }


@inproceedings{lindberg_eineborg98coling,
  author    = {Nikolaj Lindberg and
               Martin Eineborg},
  title     = {Learning {Constraint Grammar}-style Disambiguation Rules using Inductive
               Logic Programming},
  booktitle = {36th Annual Meeting of the Association for Computational Linguistics
               and 17th International Conference on Computational Linguistics, {COLING-ACL}
               '98},
  year      = {1998},
  crossref  = {DBLP:conf/acl/1998},
  url       = {http://aclweb.org/anthology/P/P98/P98-2128.pdf},
  timestamp = {Wed, 06 Mar 2013 17:08:57 +0100},
  biburl    = {http://dblp.uni-trier.de/rec/bib/conf/acl/LindbergE98},
  bibsource = {dblp computer science bibliography, http://dblp.org},
  pages     = {775--779}
}

@inproceedings{bick2013tuning,
  author = "Bick, Eckhard",
  year = "2013", 
  title = {{ML-Tuned Constraint Grammars}},
  booktitle = {Proceedings of the 27th Pacific Asia Conference on Language, Information and Computation},
  pages = {440--449},
  location = {Taipei: Department of English, National Chengchi University},
  url={http://visl.sdu.dk/~eckhard/pdf/PACLIC2013_grammar_tuning2.pdf}
}
%


%%%%%%%%%%%%%%%%%%%%%%%%%%%%%%%%%%%%%%%%%%%%%%%%%%%%%%%%%%%%
%%%% SAT

@inproceedings{listenmaa_claessen2016,
  author = {Inari Listenmaa and Koen Claessen},
  title = {{Analysing Constraint Grammars with a SAT-solver}},
  booktitle = {Proceedings of the {TODO TODO} {LREC}},
  year = {2016},
  location={{PortoSomething?????, Slovenia}}
}

@inproceedings{listenmaa_claessen2015,
  author = {Inari Listenmaa and Koen Claessen},
  title = {{Constraint Grammar as a SAT problem}},
  booktitle = {Proceedings of the Constraint Grammar workshop at NODALIDA},
  year = {2015},
  location={{Vilnius, Lithuania}}
}
%  booktitle = {Proceedings of the Constraint Grammar workshop at NODALIDA, the 20th Nordic Conference of Computational Linguistics},

@misc{marques_silva2010,
 author = {Jo{\~{a}}o Marques-Silva},
 year = "2010",
 title = {{Boolean Satisfiability Solving: Past, Present \& Future}},
 howpublished = {{Presentation given at
the Microsoft Research International Workshop on Tractability, Cambridge, UK, July 5--6}},
 url = {http:
//research.microsoft.com/en-us/events/tractability2010/joao-marques-silvatractability2010.pdf}

}

@article{claessen2009satpractice,
author="Claessen, Koen
and Een, Niklas
and Sheeran, Mary
and S{\"o}rensson, Niklas
and Voronov, Alexey
and {\AA}kesson, Knut",
title="SAT-Solving in Practice, with a Tutorial Example from Supervisory Control",
journal="Discrete Event Dynamic Systems",
year="2009",
volume="19",
number="4",
pages="495--524",
issn="1573-7594",
doi="10.1007/s10626-009-0081-8",
url="http://dx.doi.org/10.1007/s10626-009-0081-8"
}

@inbook{claessen2013compbioSAT,
author="Claessen, Koen
and Fisher, Jasmin
and Ishtiaq, Samin
and Piterman, Nir
and Wang, Qinsi",
editor="Sharygina, Natasha
and Veith, Helmut",
chapter="Model-Checking Signal Transduction Networks through Decreasing Reachability Sets",
title="Computer Aided Verification: 25th International Conference, CAV 2013, Saint Petersburg, Russia, July 13-19, 2013. Proceedings",
year="2013",
publisher="Springer Berlin Heidelberg",
address="Berlin, Heidelberg",
pages="85--100",
isbn="978-3-642-39799-8",
doi="10.1007/978-3-642-39799-8_5",
url="http://dx.doi.org/10.1007/978-3-642-39799-8_5"
}

@Inbook{sheeran1998modelchecking,
author="Sheeran, Mary
and St{\aa}lmarck, Gunnar",
editor="Gopalakrishnan, Ganesh
and Windley, Phillip",
chapter="A Tutorial on St{\aa}lmarck's Proof Procedure for Propositional Logic",
title="Formal Methods in Computer-Aided Design: Second International Conference, FMCAD' 98 Palo Alto, CA, USA, November 4--6, 1998 Proceedings",
year="1998",
publisher="Springer Berlin Heidelberg",
address="Berlin, Heidelberg",
pages="82--99",
isbn="978-3-540-49519-2",
doi="10.1007/3-540-49519-3_7",
url="http://dx.doi.org/10.1007/3-540-49519-3_7"
}

@Inbook{biere1999modelchecking,
author="Biere, Armin
and Cimatti, Alessandro
and Clarke, Edmund
and Zhu, Yunshan",
editor="Cleaveland, W. Rance",
chapter="Symbolic Model Checking without BDDs",
title="Tools and Algorithms for the Construction and Analysis of Systems: 5th International Conference, TACAS'99 Held as Part of the Joint European Conferences on Theory and Practice of Software, ETAPS'99 Amsterdam, The Netherlands, March 22--28, 1999 Proceedings",
year="1999",
publisher="Springer Berlin Heidelberg",
address="Berlin, Heidelberg",
pages="193--207",
isbn="978-3-540-49059-3",
doi="10.1007/3-540-49059-0_14",
url="http://dx.doi.org/10.1007/3-540-49059-0_14"
}

@Inbook{bradley2011modelchecking,
author="Bradley, Aaron R.",
editor="Jhala, Ranjit
and Schmidt, David",
chapter="SAT-Based Model Checking without Unrolling",
title="Verification, Model Checking, and Abstract Interpretation: 12th International Conference, VMCAI 2011, Austin, TX, USA, January 23-25, 2011. Proceedings",
year="2011",
publisher="Springer Berlin Heidelberg",
address="Berlin, Heidelberg",
pages="70--87",
isbn="978-3-642-18275-4",
doi="10.1007/978-3-642-18275-4_7",
url="http://dx.doi.org/10.1007/978-3-642-18275-4_7"
}


@INPROCEEDINGS{marques-silva08practicalapplications,
    author = {Joao Marques-silva},
    title = {Practical applications of boolean satisfiability},
    booktitle = {{In Workshop on Discrete Event Systems (WODES)}},
    year = {2008},
    publisher = {IEEE Press}
}

@incollection{een04sat,
  year={2004},
  booktitle={Theory and Applications of Satisfiability Testing},
  volume={2919},
  series={Lecture Notes in Computer Science},
  editor={Giunchiglia, Enrico and Tacchella, Armando},
  title={{An Extensible SAT-solver}},
  publisher={Springer Berlin Heidelberg},
  pages={502-518},
  author={E\'{e}n, Niklas and S{\"{o}}rensson, Niklas}
}

%language={English}

@article{een06minisatplus,
    author = {Niklas Eén and Niklas Sörensson},
    title = {Translating pseudo-boolean constraints into {SAT}},
    journal = {{Journal on Satisfiability, Boolean Modeling and Computation}},
    year = {2006},
    volume = {2},
    pages = {1--26}
}

@inproceedings{cook1971complexity,
  title={{The Complexity of Theorem-proving Procedures}},
  author={Cook, Stephen A.},
  booktitle={{Proceedings of the Third Annual Symposium on Theory of Computing}},
  year={1971},
  pages={151–-158}
}

@inproceedings{selman_kautz92aiplanning,
  title={Planning as satisfiability},
  author={B. Selman and H. Kautz},
  booktitle={{European Conference on Artificial Intelligence}},
  year={1992},
  pages={359–-363}
}

%%%%%%%%%%%%%%%%%%%%%%%%%%%%%%%%%%%%%%%%%%%%%%%%%%%%%%%%%%%%
%%%% Misc
@inproceedings{cutting_etal92,
  author    = {Douglas R. Cutting and
               Julian Kupiec and
               Jan O. Pedersen and
               Penelope Sibun},
  title     = {A Practical Part-of-Speech Tagger},
  booktitle = {{ANLP}},
  pages     = {133--140},
  year      = {1992},
  url       = {http://aclweb.org/anthology-new/A/A92/A92-1018.pdf},
  biburl    = {http://dblp.uni-trier.de/rec/bib/conf/anlp/CuttingKPS92}
}

@Book{ranta2010gfbook,
  author = {Aarne Ranta},
  title =  {{Grammatical Framework:
             Programming with Multilingual Grammars}},
  publisher = {{CSLI Publications}},
  year = {2010}
}

@techreport{taggit,
  title={{Automatic Grammatical Tagging of English}},
  author={Greene, Barbara B. and Rubin, Gerald M.},
  institution={{Department of Linguistics, Brown University}},
  location={{Providence, Rhode Island}},

  year={1971}
}

@article{brill1995,
  title={Transformation-based error-driven learning and natural language processing: A case study in part-of-speech tagging},
  author={Brill, Eric},
  journal={Computational linguistics},
  volume={21},
  number={4},
  pages={543--565},
  year={1995},
  publisher={MIT Press}
}

@inproceedings{tapanainen97fdg,
 title={A non-projective dependency parser},
 author={Tapanainen, Pasi and J\"{a}rvinen, Timo},
 year = {1997},
 booktitle={{Proceedings of the 5th Conference on Applied Natural Language Processing}},
 pages={64–-71},
 publisher={{Association for Computational Linguistics}},
 location={{Washington, D.C.}}
}

@inproceedings{voutilainen2011finntreebank,
  title={{FinnTreeBank: Creating a research resource and service for language researchers with Constraint Grammar}},
  author={Voutilainen, Atro},
  booktitle={Proceedings of the NODALIDA 2011 workshop {Constraint Grammar Applications}},
  pages={41--49},
  year={2011}
}




@inproceedings{barton1986complexityTWOL,
 author = {Barton, G. Edward},
 title = {{Computational Complexity in Two-level Morphology}},
 booktitle = {{Proceedings of the 24th Annual Meeting on Association for Computational Linguistics}},
 series = {ACL '86},
 year = {1986},
 location = {New York},
 pages = {53--59},
 numpages = {7},
 url = {http://dx.doi.org/10.3115/981131.981140},
 doi = {10.3115/981131.981140},
 acmid = {981140},
 publisher = {Association for Computational Linguistics},
 address = {Stroudsburg, PA, USA},
} 

%%%%%%%%%%%%%%%%%%%
%% Related work / CG-like

@incollection{gross1997local,
 author={Gross, Maurice},
 year={1997},
 title={The construction of local grammars},
 booktitle={Finite-state language processing}, 
 editor={Emmanuel Roche and Yves Schabes}, 
 pages={329–-354},
 address={Cambridge (MA), USA: MIT}
}

@INPROCEEDINGS{oflazer97votingconstraints,
    author = {Kemal Oflazer and Gökhan Tür},
    title = {Morphological disambiguation by voting constraints},
    booktitle = {{Proceedings of the 8th Conference of the European Chapter of the Association for Computational Linguistics (EACL)}},
    year = {1997},
    pages = {222--229}
}

@incollection{grana2003fst
  title={Compilation of constraint-based contextual rules for part-of-speech tagging into finite state transducers},
  author={Gra{\~n}a, Jorge and Andrade, Gloria and Vilares, Jes{\'u}s},
  booktitle={Implementation and Application of Automata},
  pages={128--137},
  year={2002},
  editor={Jean-Marc Champarnaud and Denis Maurel}, 
  volume={2608},
  series={Lecture Notes in Computer Science}, 
  publisher={Springer}
}

@inproceedings{herz1991local,
  title={Local syntactic constraints},
  author={Herz, Jacky and Rimon, Mori},
  booktitle={Proc. of the Second International Workshop on Parsing Technologies},
  pages={200--209},
  year={1991}
}

@inproceedings{hindle1989disamrules,
 author={{Hindle, D.}},
 year={1989},
 title={{Acquiring Disambiguation Rules from Text}},
 booktitle={{Proceedings of the 27th Annual Meeting of the ACL}},
 pages={118--125}
}

@inproceedings{silfverberg2009conflict,
  title={Conflict resolution using weighted rules in {HFST-TWOLC}},
  author={Silfverberg, Miikka and Lind{\'e}n, Krister and others},
  booktitle={Proceedings of the 17th Nordic Conference of Computational Linguistics NODALIDA},
  pages={174--181},
  year={2009}
}

@inproceedings{padro1996csp,
  title={A constraint satisfaction alternative for {POS} tagging},
  author={Padr{\'o}, Llu{\'\i}s},
  booktitle={{Proceedings of NLP+IA/TAL+AI}},
  year={1996},
  location={Moncton, New Brunswick, Canada}
}
